[
  {
    "name": "TineMelk Lett",
    "subtitle": "1,75 l",
    "image":
      "https://kolonial.no/media/uploads/public/315/128/122528-1159a-product_list.jpg",
    "price": 31.3,
    "unitPrice": 17.89,
    "percentSale": {
      "cut": 50
    }
  },
  {
    "name": "TineMelk Lett",
    "subtitle": "1 l",
    "image":
      "https://kolonial.no/media/uploads/public/194/131/122531-8e163-product_list.jpg",
    "price": 19.7,
    "unitPrice": 19.7,
    "percentSale": {
      "cut": 41
    }
  },
  {
    "name": "TineMelk Økologisk Lett",
    "subtitle": "1 l",
    "image":
      "https://kolonial.no/media/uploads/public/294/259/155859-2a1fa-product_list.jpg",
    "price": 22.1,
    "unitPrice": 22.1
  },
  {
    "name": "TineMelk Lett",
    "subtitle": "Laktoseredusert, 1 l",
    "image":
      "https://kolonial.no/media/uploads/public/0/352/42352-3b601-product_list.jpg",
    "price": 19.9,
    "unitPrice": 19.9
  },
  {
    "name": "Q Melk Lett",
    "subtitle": "1,75 l",
    "image":
      "https://kolonial.no/media/uploads/public/338/171/683371-aab5e-product_list.jpg",
    "price": 30.3,
    "unitPrice": 17.31
  },
  {
    "name": "Q Melk Lett",
    "subtitle": "1 l",
    "image":
      "https://kolonial.no/media/uploads/public/189/307/681107-8d912-product_list.jpg",
    "price": 17.3,
    "unitPrice": 17.3
  },
  {
    "name": "TineMelk Ekstra Lett",
    "subtitle": "1,75 l",
    "image":
      "https://kolonial.no/media/uploads/public/126/127/122527-1716e-product_list.jpg",
    "price": 29.1,
    "unitPrice": 16.63
  },
  {
    "name": "TineMelk Ekstra Lett",
    "subtitle": "0,7%, 1 l",
    "image":
      "https://kolonial.no/media/uploads/public/102/129/122529-4cc78-product_list.jpg",
    "price": 15.9,
    "unitPrice": 15.9
  },
  {
    "name": "Q Melk Ekstra Lett",
    "subtitle": "1,75 l",
    "image":
      "https://kolonial.no/media/uploads/public/184/145/683345-caa98-product_list.jpg",
    "price": 25.3,
    "unitPrice": 14.46
  },
  {
    "name": "Q Melk Ekstra lett",
    "subtitle": "0,5%, 1 l",
    "image":
      "https://kolonial.no/media/uploads/public/258/309/681109-6d8b5-product_list.jpg",
    "price": 17.3,
    "unitPrice": 17.3
  },
  {
    "name": "Laktosefri Ekstra Lett melk",
    "subtitle": "1 l",
    "image":
      "https://kolonial.no/media/uploads/public/0/145/19345-766bd-product_list.jpg",
    "price": 32.3,
    "unitPrice": 32.3
  },
  {
    "name": "TineMelk Ekstra Lett",
    "subtitle": "Økologisk, 1 l",
    "image":
      "https://kolonial.no/media/uploads/public/324/67/146467-4fe24-product_list.jpg",
    "price": 23.1,
    "unitPrice": 23.1
  },
  {
    "name": "Q Melk Skummet",
    "subtitle": "1,75 l",
    "image":
      "https://kolonial.no/media/uploads/public/392/144/683344-651e2-product_list.jpg",
    "price": 28.3,
    "unitPrice": 16.17
  },
  {
    "name": "Q Melk Skummet",
    "subtitle": "1 l",
    "image":
      "https://kolonial.no/media/uploads/public/325/150/683350-d11db-product_list.jpg",
    "price": 15.6,
    "unitPrice": 15.6
  },
  {
    "name": "TineMelk Skummet",
    "subtitle": "1 l",
    "image":
      "https://kolonial.no/media/uploads/public/321/132/122532-29344-product_list.jpg",
    "price": 13.5,
    "unitPrice": 13.5
  },
  {
    "name": "Tine Helmelk",
    "subtitle": "1 l",
    "image":
      "https://kolonial.no/media/uploads/public/55/130/122530-62cec-product_list.jpg",
    "price": 18.4,
    "unitPrice": 18.4
  },
  {
    "name": "Q Helmelk",
    "subtitle": "1 l",
    "image":
      "https://kolonial.no/media/uploads/public/122/157/683357-77e85-product_list.jpg",
    "price": 19.1,
    "unitPrice": 19.1
  },
  {
    "name": "Laktosefri Lettmelk",
    "subtitle": "1 l",
    "image":
      "https://kolonial.no/media/uploads/public/0/83/83-3d062-product_list.jpg",
    "price": 32.3,
    "unitPrice": 32.3
  },
  {
    "name": "Tine Helmelk",
    "subtitle": "Økologisk, 1 l",
    "image":
      "https://kolonial.no/media/uploads/public/0/184/19384-8c9b4-product_list.jpg",
    "price": 23.3,
    "unitPrice": 23.3
  },
  {
    "name": "Styrk Kakao",
    "subtitle": "1 l",
    "image":
      "https://kolonial.no/media/uploads/public/0/226/19426-9ce51-product_list.jpg",
    "price": 41.4,
    "unitPrice": 41.4
  },
  {
    "name": "Styrk Fettfri Melk",
    "subtitle": "1 l",
    "image":
      "https://kolonial.no/media/uploads/public/172/256/155856-cb123-product_list.jpg",
    "price": 32.9,
    "unitPrice": 32.9
  },
  {
    "name": "TineMelk Lett",
    "subtitle": "0,5 l",
    "image":
      "https://kolonial.no/media/uploads/public/366/254/155854-dc35a-product_list.jpg",
    "price": 14.2,
    "unitPrice": 28.4
  },
  {
    "name": "Yt Restitusjonsdrikk Kakao",
    "subtitle": "330 ml",
    "image":
      "https://kolonial.no/media/uploads/public/180/50/682450-7c8d2-product_list.jpg",
    "price": 27.3,
    "unitPrice": 82.73
  },
  {
    "name": "Yt Restitusjonsdrikk",
    "subtitle": "Banan & jordbær, 330 ml",
    "image":
      "https://kolonial.no/media/uploads/public/18/33/682433-f9072-product_list.jpg",
    "price": 27.3,
    "unitPrice": 82.73
  },
  {
    "name": "Havredrikk Kalsium",
    "subtitle": "1 l",
    "image":
      "https://kolonial.no/media/uploads/public/120/42/681242-f4e67-product_list.jpg",
    "price": 27.6,
    "unitPrice": 27.6
  },
  {
    "name": "Havredrikk Økologisk",
    "subtitle": "1 l",
    "image":
      "https://kolonial.no/media/uploads/public/108/36/682836-71bde-product_list.jpg",
    "price": 27.5,
    "unitPrice": 27.5
  },
  {
    "name": "Havredrikk Sjokolade",
    "subtitle": "1 l",
    "image":
      "https://kolonial.no/media/uploads/public/64/87/682887-a57df-product_list.jpg",
    "price": 37.6,
    "unitPrice": 37.6
  },
  {
    "name": "Havredrikk iKaffe",
    "subtitle": "1 l",
    "image":
      "https://kolonial.no/media/uploads/public/366/267/685067-f25b5-product_list.jpg",
    "price": 34.7,
    "unitPrice": 34.7
  },
  {
    "name": "Kulturmjølk",
    "subtitle": "1 l",
    "image":
      "https://kolonial.no/media/uploads/public/261/154/142154-9c83e-product_list.jpg",
    "price": 22.5,
    "unitPrice": 22.5
  },
  {
    "name": "Kulturmjølk",
    "subtitle": "Skummet, 1 l",
    "image":
      "https://kolonial.no/media/uploads/public/0/220/220-4bc93-product_list.jpg",
    "price": 20.3,
    "unitPrice": 20.3
  },
  {
    "name": "Kefir",
    "subtitle": "Økologisk, 1 l",
    "image":
      "https://kolonial.no/media/uploads/public/52/230/145030-8b755-product_list.jpg",
    "price": 25.8,
    "unitPrice": 25.8
  },
  {
    "name": "Litago Sjokolade",
    "subtitle": "Lettere, 0,5 l",
    "image":
      "https://kolonial.no/media/uploads/public/246/71/682471-a9497-product_list.jpg",
    "price": 21.4,
    "unitPrice": 42.8
  },
  {
    "name": "Litago Sjokolade",
    "subtitle": "0,5 l",
    "image":
      "https://kolonial.no/media/uploads/public/370/5/682405-77929-product_list.jpg",
    "price": 16.9,
    "unitPrice": 33.8
  },
  {
    "name": "Litago Sjokolade",
    "subtitle": "1 l",
    "image":
      "https://kolonial.no/media/uploads/public/89/67/682467-769ce-product_list.jpg",
    "price": 34.9,
    "unitPrice": 34.9
  },
  {
    "name": "Litago Melk Jordbærsmak",
    "subtitle": "0,5 l",
    "image":
      "https://kolonial.no/media/uploads/public/170/57/682457-90284-product_list.jpg",
    "price": 21.4,
    "unitPrice": 42.8
  },
  {
    "name": "Litago Lettere Jordbærsmak",
    "subtitle": "0,5 l",
    "image":
      "https://kolonial.no/media/uploads/public/254/97/682497-1ff00-product_list.jpg",
    "price": 28.2,
    "unitPrice": 56.4
  },
  {
    "name": "Q-sjokolademelk",
    "subtitle": "1 l",
    "image":
      "https://kolonial.no/media/uploads/public/141/290/681090-d75db-product_list.jpg",
    "price": 36.9,
    "unitPrice": 36.9
  },
  {
    "name": "Sjokomelk",
    "subtitle": "1 l",
    "image":
      "https://kolonial.no/media/uploads/public/0/69/69-9dbe6-product_list.jpg",
    "price": 29.7,
    "unitPrice": 29.7
  },
  {
    "name": "Sjokomelk",
    "subtitle": "0,25 l",
    "image":
      "https://kolonial.no/media/uploads/public/0/68/68-d956d-product_list.jpg",
    "price": 11.4,
    "unitPrice": 45.6
  },
  {
    "name": "Q Ultimoo",
    "subtitle": "0,5 l",
    "image":
      "https://kolonial.no/media/uploads/public/253/156/683356-d6bc3-product_list.jpg",
    "price": 27.9,
    "unitPrice": 55.8
  },
  {
    "name": "Cocio Classic Flaske",
    "subtitle": "400 ml",
    "image":
      "https://kolonial.no/media/uploads/public/345/149/680549-331a6-product_list.jpg",
    "price": 23.1,
    "unitPrice": 57.75
  },
  {
    "name": "Milkshake Jordbær",
    "subtitle": "220 ml",
    "image":
      "https://kolonial.no/media/uploads/public/0/254/20254-2aae0-product_list.jpg",
    "price": 19.4,
    "unitPrice": 88.18
  },
  {
    "name": "BioQ Blåbær & Bringebær",
    "subtitle": "1 l",
    "image":
      "https://kolonial.no/media/uploads/public/9/144/684944-296a7-product_list.jpg",
    "price": 41.0,
    "unitPrice": 41.0
  },
  {
    "name": "Milkshake Sjokolade",
    "subtitle": "220 ml",
    "image":
      "https://kolonial.no/media/uploads/public/0/32/6832-15a55-product_list.jpg",
    "price": 17.9,
    "unitPrice": 81.36
  },
  {
    "name": "Biola Blåbærdrikk",
    "subtitle": "Laktosefri, 1 l",
    "image":
      "https://kolonial.no/media/uploads/public/157/60/688060-48802-product_list.jpg",
    "price": 42.6,
    "unitPrice": 42.6
  },
  {
    "name": "Biola Bringebærdrikk",
    "subtitle": "1 l",
    "image":
      "https://kolonial.no/media/uploads/public/177/52/688052-c02de-product_list.jpg",
    "price": 29.9,
    "unitPrice": 29.9
  },
  {
    "name": "Biola Syrnet",
    "subtitle": "Lettmelk, 1 l",
    "image":
      "https://kolonial.no/media/uploads/public/214/58/688058-fd1d7-product_list.jpg",
    "price": 27.5,
    "unitPrice": 27.5
  },
  {
    "name": "Biola Mango Zero",
    "subtitle": "1 l",
    "image":
      "https://kolonial.no/media/uploads/public/149/53/688053-2d338-product_list.jpg",
    "price": 40.9,
    "unitPrice": 40.9
  },
  {
    "name": "Biola Granateple & Bringebær Zero",
    "subtitle": "1 l",
    "image":
      "https://kolonial.no/media/uploads/public/136/63/688063-ae4bf-product_list.jpg",
    "price": 38.9,
    "unitPrice": 38.9
  },
  {
    "name": "Biola Jordbærdrikk",
    "subtitle": "1 l",
    "image":
      "https://kolonial.no/media/uploads/public/230/56/688056-33fc4-product_list.jpg",
    "price": 31.3,
    "unitPrice": 31.3
  },
  {
    "name": "Biola Blåbærdrikk",
    "subtitle": "1 l",
    "image":
      "https://kolonial.no/media/uploads/public/20/61/688061-3367d-product_list.jpg",
    "price": 31.3,
    "unitPrice": 31.3
  },
  {
    "name": "Cultura Økologisk Naturell",
    "subtitle": "1 l",
    "image":
      "https://kolonial.no/media/uploads/public/0/59/6859-f7baf-product_list.jpg",
    "price": 21.4,
    "unitPrice": 21.4
  },
  {
    "name": "Cashewdrikk",
    "subtitle": "1 l",
    "image":
      "https://kolonial.no/media/uploads/public/335/269/685469-2b702-product_list.jpg",
    "price": 38.9,
    "unitPrice": 38.9
  },
  {
    "name": "Havredrikk Kalsium",
    "subtitle": "1 l",
    "image":
      "https://kolonial.no/media/uploads/public/76/397/681997-57f6c-product_list.jpg",
    "price": 41.4,
    "unitPrice": 41.4
  },
  {
    "name": "Mandeldrikk",
    "subtitle": "1 l",
    "image":
      "https://kolonial.no/media/uploads/public/0/31/20431-d1dc6-product_list.jpg",
    "price": 39.5,
    "unitPrice": 39.5
  },
  {
    "name": "Rismelk",
    "subtitle": "Økologisk, 1 l",
    "image":
      "https://kolonial.no/media/uploads/public/107/171/679771-c84d6-product_list.jpg",
    "price": 31.4,
    "unitPrice": 31.4
  },
  {
    "name": "Rice Original",
    "subtitle": "Risdrikk med Kalsium, 1 l",
    "image":
      "https://kolonial.no/media/uploads/public/255/399/681199-4b9cb-product_list.jpg",
    "price": 23.7,
    "unitPrice": 23.7
  },
  {
    "name": "Soyadrikk Vanilje",
    "subtitle": "1 l",
    "image":
      "https://kolonial.no/media/uploads/public/0/216/83416-48a2d-product_list.jpg",
    "price": 39.7,
    "unitPrice": 39.7
  },
  {
    "name": "Soyamelk",
    "subtitle": "Naturell, 1 l",
    "image":
      "https://kolonial.no/media/uploads/public/69/331/686331-af95b-product_list.jpg",
    "price": 31.9,
    "unitPrice": 31.9
  },
  {
    "name": "Mandeldrikk",
    "subtitle": "1 l",
    "image":
      "https://kolonial.no/media/uploads/public/0/7/13607-5bd6f-product_list.jpg",
    "price": 38.2,
    "unitPrice": 38.2
  },
  {
    "name": "Soyadrikk Sjokolade",
    "subtitle": "1 l",
    "image":
      "https://kolonial.no/media/uploads/public/0/345/13145-d4bc3-product_list.jpg",
    "price": 31.9,
    "unitPrice": 31.9
  },
  {
    "name": "Soyadrikk Usøtet",
    "subtitle": "1 l",
    "image":
      "https://kolonial.no/media/uploads/public/395/347/686347-86d9d-product_list.jpg",
    "price": 25.8,
    "unitPrice": 25.8
  },
  {
    "name": "Viking Usukret Kondensert Melk",
    "subtitle": "410 g",
    "image":
      "https://kolonial.no/media/uploads/public/143/8/680008-dc915-product_list.jpg",
    "price": 43.9,
    "unitPrice": "kr 107,07 per kg"
  },
  {
    "name": "Viking Tørrmelk",
    "subtitle": "390 g",
    "image":
      "https://kolonial.no/media/uploads/public/175/378/683178-be71d-product_list.jpg",
    "price": 85.2,
    "unitPrice": "kr 218,46 per kg"
  },
  {
    "name": "Langtidsholdbar Helmelk",
    "subtitle": "1 l",
    "image":
      "https://kolonial.no/media/uploads/public/0/159/38559-3ae73-product_list.jpg",
    "price": 45.3,
    "unitPrice": 45.3
  },
  {
    "name": "Langtidsholdbar Lett Melk",
    "subtitle": "1 l",
    "image":
      "https://kolonial.no/media/uploads/public/0/156/38556-e4f28-product_list.jpg",
    "price": 38.6,
    "unitPrice": 38.6
  },
  {
    "name": "Havredrikk",
    "subtitle": "1 l",
    "image":
      "https://kolonial.no/media/uploads/public/0/207/83407-8550c-product_list.jpg",
    "price": 30.8,
    "unitPrice": 30.8
  },
  {
    "name": "Litago Uten",
    "subtitle": "Uten Sukker, 330 ml",
    "image":
      "https://kolonial.no/media/uploads/public/60/239/151839-849ae-product_list.jpg",
    "price": 19.9,
    "unitPrice": 60.3
  },
  {
    "name": "Mandeldrikk Usøtet",
    "subtitle": "1 l",
    "image":
      "https://kolonial.no/media/uploads/public/0/204/83404-835f9-product_list.jpg",
    "price": 33.8,
    "unitPrice": 33.8
  },
  {
    "name": "Ris- og kokosdrikk",
    "subtitle": "1 l",
    "image":
      "https://kolonial.no/media/uploads/public/0/213/83413-30c1a-product_list.jpg",
    "price": 37.0,
    "unitPrice": 37.0
  },
  {
    "name": "Soyadrikk Lett",
    "subtitle": "1 l",
    "image":
      "https://kolonial.no/media/uploads/public/0/219/83419-3c12c-product_list.jpg",
    "price": 31.9,
    "unitPrice": 31.9
  },
  {
    "name": "Soyadrikk Professional",
    "subtitle": "1 l",
    "image":
      "https://kolonial.no/media/uploads/public/0/210/83410-dcf6c-product_list.jpg",
    "price": 31.9,
    "unitPrice": 31.9
  }
]
